4298 5758
205 847 1949 1152 PRAEFATtO„

206 1599 209 1605 ι
409 1439 467 1573 Τ
498 1443 688 1614 operis
714 1442 966 1572 instituti
1007 1443 1162 1570 ratio
1188 1487 1307 1570 uno
1334 1445 1565 1612 aspectu
1601 1449 1789 1615 aperi·

450 1648 596 1776 atur,
655 1619 971 1744 Leuorem
1026 1618 1147 1741 hacc
1193 1617 1388 1785 paucis
1428 1611 1493 1740 in
1538 1617 1789 1744 anteces-

450 1787 573 1915 sum
603 1790 895 1912 monitum
921 1787 1115 1916 velim.

205 1954 216 1968 ’
278 1953 495 2118 Primo,
560 1958 746 2088 [tiana
799 1957 897 2080 htc
941 1955 1124 2126 graecd
1179 1953 1356 2130 qudm
1408 1957 1788 2088 emendatissi-

191 2163 363 2249 mam
385 2131 619 2254 emitti:
684 2131 781 2285 Et,
827 2126 1101 2300 fiquibus
1126 2130 1190 2253 in
1228 2130 1386 2284 locis,
1429 2131 1624 2298 paucis
1662 2132 1791 2300 qui-

192 2293 335 2416 dem
374 2295 504 2460 illis,
550 2302 647 2428 sed
686 2299 1119 2474 quibuscunque
1158 2301 1223 2424 in
1260 2302 1405 2426 locis
1449 2299 1788 2467 aVulgatis

188 2462 496 2596 disceffum
514 2467 584 2598 fit
595 2529 610 2624 3
657 2475 722 2596 in
751 2471 1273 2631 Annotationibus,
1317 2463 1433 2644 quai
1466 2473 1529 2598 id
1556 2473 1784 2600 ratione

13 2751 15 2762 ,
186 2631 413 2762 factum
440 2642 523 2802 fit,
586 2644 924 2812 singulatim
952 2643 1063 2769 effe
1101 2642 1434 2814 expofitum.
1728 2671 1730 2676 ’

13 2819 14 2834 '
274 2813 346 2938 In
372 2816 574 2980 graecis
602 2812 774 2946 datine'
792 2825 1088 2974 reddendis,
1115 2819 1323 2986 (quam
1343 2815 1583 2986 quidem
1609 2815 1787 2942 inter·

17 3123 21 3136 Ι
186 2989 581 3142 pretationem
627 2984 881 3104 maxima
917 3034 986 3102 ex
1014 3017 1180 3144 parte
1226 2992 1568 3138 correctam,
1621 3015 1787 3150 parte

186 3147 385 3316 aliqud
399 3151 528 3309 jam
555 3151 746 3276 denuo
775 3147 1153 3316 compeditam
1178 3147 1489 3318 dedimus,)
1532 3151 1787 3276 latinita-

184 3339 308 3443 tem
327 3321 666 3480 adhibitam,
678 3365 795 3464 non
818 3324 1147 3488 elegantem
1166 3321 1365 3488 utique
1382 3323 1448 3447 &
1469 3321 1785 3478 venustam,

183 3483 282 3613 sed
302 3491 385 3614 ita
397 3494 747 3650 Romanam,
772 3522 839 3614 ut
863 3491 1054 3618 verbis
1080 3489 1272 3646 verba,
1301 3493 1494 3658 quoad
1519 3491 1634 3654 ejus
1652 3492 1783 3620 fieri

13 3769 17 3794 ,
185 3659 387 3826 poffer,
439 3661 677 3838 singulis
723 3663 945 3830 singula
989 3707 1060 3788 ex
1097 3659 1304 3786 ordine
1342 3659 1779 3832 responderent,

185 3833 388 3998 graecis
428 3839 623 3966 latina.
712 3837 873 3992 Quin
912 3842 976 3964 &
1015 3836 1381 4004 Explementa
1424 3879 1550 4004 quae
1600 3833 1780 4004 vulgo

13 4077 15 4080 ·
185 4003 591 4136 existimantur
617 4010 690 4150 V
682 4015 921 4166 risuum,
957 4049 1132 4176 quam
1161 4005 1226 4127 in
1252 4003 1547 4166 Sententia*
1571 4015 1781 4168 explen-

13 4199 14 4202 ‘
185 4172 266 4298 dd
292 4179 417 4325 vim
458 4181 722 4338 habeant,
784 4181 1084 4355 propriam
1109 4221 1346 4348 quaeque
1376 4181 1442 4302 ὅ(
1482 4175 1655 4336 suam,
1715 4181 1781 4304 in

184 4353 492 4509 permultis
537 4383 601 4474 ut
647 4385 892 4521 nequeat
948 4395 1070 4476 non
1113 4349 1322 4476 sentire
1375 4347 1609 4506 Lector,
1694 4351 1779 4476 di·

184 4517 439 4682 ligenter
466 4521 751 4648 effectum.
1557 4521 1562 4532 ’
1799 4527 1807 4532 ”

269 4691 343 4812 In
375 4695 939 4822 Adnotationibusea
975 4685 1103 4816 fere
1141 4689 1377 4852 adjecta,
1420 4727 1546 4854 quae
1572 4693 1666 4813 vel
1704 4691 1778 4816 ad
1860 4707 1863 4714 ’

13 4835 15 4846 ’
184 4859 374 4983 Poetae
418 4895 592 4990 artem
627 4869 991 5034 aperiendam,
1048 4863 1144 4986 vel
1166 4916 1174 4930 ²
1195 4861 1267 4989 ad
1311 4859 1589 4990 orationis
1623 4898 1777 5007 orna-

1601 5065 1777 5155 meum
